<?xml version="1.0" encoding="UTF-8"?><collection xmlns="http://www.loc.gov/MARC21/slim"><record><leader>00474nam--2200181-u-4500</leader><controlfield tag="001">000053264</controlfield><controlfield tag="002">20161230</controlfield><controlfield tag="005">20161230201051</controlfield><controlfield tag="008">110114s1000------------r-----000-0-fre-d</controlfield><datafield ind1=" " ind2=" " tag="040"><subfield code="a">IFIN-HH</subfield></datafield><datafield ind1=" " ind2=" " tag="041"><subfield code="a">fre</subfield></datafield><datafield ind1=" " ind2=" " tag="080"><subfield code="a">533.9(043):537.612(043)</subfield></datafield><datafield ind1="1" ind2=" " tag="100"><subfield code="a">Schmitt, J.P.M</subfield></datafield><datafield ind1="1" ind2="0" tag="245"><subfield code="a">Ondes de bernstein ioniques</subfield><subfield code="b">These</subfield><subfield code="c">J.p.m. schmitt</subfield></datafield><datafield ind1=" " ind2=" " tag="260"><subfield code="a">Paris</subfield><subfield code="b">Univeriste Paris Vi</subfield><subfield code="c">1973</subfield></datafield><datafield ind1=" " ind2=" " tag="300"><subfield code="a">/PAG. DIG.</subfield></datafield><datafield ind1=" " ind2=" " tag="852"><subfield code="a">40496</subfield><subfield code="c">533.9</subfield></datafield><datafield ind1=" " ind2=" " tag="CAT"><subfield code="a">Sys</subfield><subfield code="c">20110114</subfield><subfield code="h">114828</subfield></datafield></record></collection>